@FOOTNOTE{Note1,key="Note1",note="Youtube: An Optimization-Centric Theory of Mind for Human-Robot Interaction"}
