@ARTICLE{Tishby1,
       author = {{Tishby}, Naftali and {Pereira}, Fernando C. and {Bialek}, William},
        title = "{The information bottleneck method}",
      journal = {arXiv e-prints},
     keywords = {Physics - Data Analysis, Statistics and Probability, Condensed Matter - Disordered Systems and Neural Networks, Computer Science - Machine Learning, Nonlinear Sciences - Adaptation and Self-Organizing Systems},
         year = "2000",
        month = "Apr",
          eid = {physics/0004057},
        pages = {physics/0004057},
archivePrefix = {arXiv},
       eprint = {physics/0004057},
 primaryClass = {physics.data-an},
       adsurl = {https://ui.adsabs.harvard.edu/abs/2000physics...4057T},
      adsnote = {Provided by the SAO/NASA Astrophysics Data System}
}

@ARTICLE{Tishby2,
       author = {{Tishby}, Naftali and {Zaslavsky}, Noga},
        title = "{Deep Learning and the Information Bottleneck Principle}",
      journal = {arXiv e-prints},
     keywords = {Computer Science - Machine Learning},
         year = "2015",
        month = "Mar",
          eid = {arXiv:1503.02406},
        pages = {arXiv:1503.02406},
archivePrefix = {arXiv},
       eprint = {1503.02406},
 primaryClass = {cs.LG},
       adsurl = {https://ui.adsabs.harvard.edu/abs/2015arXiv150302406T},
      adsnote = {Provided by the SAO/NASA Astrophysics Data System}
}

@ARTICLE{Tishby3,
       author = {{Shwartz-Ziv}, Ravid and {Tishby}, Naftali},
        title = "{Opening the Black Box of Deep Neural Networks via Information}",
      journal = {arXiv e-prints},
     keywords = {Computer Science - Machine Learning},
         year = "2017",
        month = "Mar",
          eid = {arXiv:1703.00810},
        pages = {arXiv:1703.00810},
archivePrefix = {arXiv},
       eprint = {1703.00810},
 primaryClass = {cs.LG},
       adsurl = {https://ui.adsabs.harvard.edu/abs/2017arXiv170300810S},
      adsnote = {Provided by the SAO/NASA Astrophysics Data System}
}

@ARTICLE{MI1,
       author = {{Chelombiev}, Ivan and {Houghton}, Conor and {O'Donnell}, Cian},
        title = "{Adaptive Estimators Show Information Compression in Deep Neural Networks}",
      journal = {arXiv e-prints},
     keywords = {Computer Science - Machine Learning, Computer Science - Neural and Evolutionary Computing, Statistics - Machine Learning},
         year = "2019",
        month = "Feb",
          eid = {arXiv:1902.09037},
        pages = {arXiv:1902.09037},
archivePrefix = {arXiv},
       eprint = {1902.09037},
 primaryClass = {cs.LG},
       adsurl = {https://ui.adsabs.harvard.edu/abs/2019arXiv190209037C},
      adsnote = {Provided by the SAO/NASA Astrophysics Data System}
}

@ARTICLE{MI2,
       author = {{Noshad}, Morteza and {Zeng}, Yu and {Hero}, Alfred O., III},
        title = "{Scalable Mutual Information Estimation using Dependence Graphs}",
      journal = {arXiv e-prints},
     keywords = {Computer Science - Information Theory, Statistics - Machine Learning},
         year = "2018",
        month = "Jan",
          eid = {arXiv:1801.09125},
        pages = {arXiv:1801.09125},
archivePrefix = {arXiv},
       eprint = {1801.09125},
 primaryClass = {cs.IT},
       adsurl = {https://ui.adsabs.harvard.edu/abs/2018arXiv180109125N},
      adsnote = {Provided by the SAO/NASA Astrophysics Data System}
}

@ARTICLE{information-dropout,
       author = {{Achille}, Alessandro and {Soatto}, Stefano},
        title = "{Information Dropout: Learning Optimal Representations Through Noisy Computation}",
      journal = {arXiv e-prints},
     keywords = {Statistics - Machine Learning, Computer Science - Machine Learning, Statistics - Computation},
         year = "2016",
        month = "Nov",
          eid = {arXiv:1611.01353},
        pages = {arXiv:1611.01353},
archivePrefix = {arXiv},
       eprint = {1611.01353},
 primaryClass = {stat.ML},
       adsurl = {https://ui.adsabs.harvard.edu/abs/2016arXiv161101353A},
      adsnote = {Provided by the SAO/NASA Astrophysics Data System}
}

@ARTICLE{vib,
       author = {{Alemi}, Alexander A. and {Fischer}, Ian and {Dillon}, Joshua V. and
         {Murphy}, Kevin},
        title = "{Deep Variational Information Bottleneck}",
      journal = {arXiv e-prints},
     keywords = {Computer Science - Machine Learning, Computer Science - Information Theory},
         year = "2016",
        month = "Dec",
          eid = {arXiv:1612.00410},
        pages = {arXiv:1612.00410},
archivePrefix = {arXiv},
       eprint = {1612.00410},
 primaryClass = {cs.LG},
       adsurl = {https://ui.adsabs.harvard.edu/abs/2016arXiv161200410A},
      adsnote = {Provided by the SAO/NASA Astrophysics Data System}
}

@ARTICLE{saxe,
       author = {{M. Saxe}, Andrew et al.},
        title = "{On the information bottleneck theory of deep learning}",
      journal = {ICLR 2018},
     keywords = {Computer Science - Machine Learning, Computer Science - Information Theory},
         year = "2015"
}

@ARTICLE{train-longer,
       author = {{Hoffer}, Elad and {Hubara}, Itay and {Soudry}, Daniel},
        title = "{Train longer, generalize better: closing the generalization gap in large batch training of neural networks}",
      journal = {arXiv e-prints},
     keywords = {Statistics - Machine Learning, Computer Science - Machine Learning},
         year = "2017",
        month = "May",
          eid = {arXiv:1705.08741},
        pages = {arXiv:1705.08741},
archivePrefix = {arXiv},
       eprint = {1705.08741},
 primaryClass = {stat.ML},
       adsurl = {https://ui.adsabs.harvard.edu/abs/2017arXiv170508741H},
      adsnote = {Provided by the SAO/NASA Astrophysics Data System}
}











